% （1）专著中的文献
% [序号] 作者.专著名称.版本(第１版不加标注).出版者.出版年:参考页码.

@book{唐绪军2013中国新媒体发展报告,
  title={中国新媒体发展报告No.4(2013)},
  author={唐绪军 and 吴信训 and 黄楚新 and 刘瑞生},
  publisher={社会科学文献出版社},
  year={2013},
  language = {Chinese}
}


% (2)期刊中的文献
% [序号] 作者.文献名称.期刊名称.卷号（期号）.年,月:页码范围.
@article{我国高考志愿填报机制的演变与优化,
  title = {我国高考志愿填报机制的演变与优化},
  author = {王世斌，刘旭东},
  journal = {江苏高教},
  year = {2018},
  language= {Chinese}
}


% 以下类型未在bst文件中验证过，如果需要请自行修改bst文件……

% (3)论文集
% [序号] 作者.论文题目.见(英文用In).主编.论文集名.出版地.出版年:页码范围.
% 本模板没有实现“主编”部分，因为“见”和“论文集名”分离实在是很诡异的事情，且很多事情我们得到的bibTeX不含主编
% 中文需要加language={Chinese}字段，才会把"In"换成"见"
@inproceedings{Yang2012Automatic,
  title={Automatic detection of rumor on Sina Weibo},
  author={Yang, Fan and Liu, Yang and Yu, Xiaohui and Yang, Min},
  booktitle={Proceedings of the ACM SIGKDD Workshop on Mining Data Semantics},
  pages={1--7},
  year={2012},
  address = {New York, NY, USA},
  organization={ACM},
}

% (4)学位论文（格式已验证）
% [序号] 作者.题目.[学位论文](英文用[Dissertation]).保存地点.保存单位:年份.
% 中文需要使用language={Chinese}字段，英文输入language={}
@masterthesis{周兴2017基于深度学习的谣言检测及模式挖掘,
  title={基于深度学习的谣言检测及模式挖掘},
  author={周兴},
  school={中国科学院大学},
  year={2017},
  language={Chinese}
}


% (5)专利
% [序号] 专利申请者.题目.国别.专利文献种类.专利号.批准日期.

% (6)技术标准
% [序号] 起草责任者.标准代号.标准顺序号－发布年.标准名称.出版地.出版者.出版年度.


%(7)在线资料

@ELECTRONIC{python_wikipedia,
  title = {Python - 维基百科，自由的百科全书},
  organization = {Wikipedia},
  howpublished = {online},
  refdate = {2022-05-13},
  url = {https://zh.wikipedia.org/wiki/Python},
  language = {Chinese}
} 

@ELECTRONIC{python_about,
  title = {About Python™ | Python.org},
  organization = {Python Software Foundation},
  howpublished = {online},
  refdate = {2022-05-13},
  url = {https://www.python.org/about/}
}

@ELECTRONIC{web_crawler,
  title = {Web crawler - Wikipedia},
  organization = {Wikipedia},
  howpublished = {online},
  refdate = {2022-05-13},
  url = {https://en.wikipedia.org/wiki/Web_crawler}
}

@ELECTRONIC{urllib,
  title = {urllib --- URL 处理模块 — Python 3.10.4 文档},
  organization = {Python Software Foundation},
  howpublished = {online},
  refdate = {2022-05-13},
  url = {https://docs.python.org/zh-cn/3/library/urllib.html}
}

@ELECTRONIC{lxml,
  title = {lxml - Processing XML and HTML with Python},
  howpublished = {online},
  refdate = {2022-05-13},
  url = {https://lxml.de/}
}

@ELECTRONIC{django,
  title = {Django overview | Django},
  organization = {Django Software Foundation},
  howpublished = {online},
  refdate = {2022-05-13},
  url = {https://www.djangoproject.com/start/overview/}
}

@ELECTRONIC{django_runoob,
  title = {Django 教程 | 菜鸟教程},
  organization = {菜鸟教程},
  howpublished = {online},
  refdate = {2022-05-13},
  url = {https://www.runoob.com/django/django-tutorial.html},
  language = {Chinese}
}

@ELECTRONIC{html_mdn,
  title = {HTML 基础 - 学习 Web 开发 | MDN},
  organization = {the Mozilla Foundation},
  howpublished = {online},
  refdate = {2022-05-13},
  url = {https://developer.mozilla.org/zh-CN/docs/Learn/Getting_started_with_the_web/HTML_basics},
  language = {Chinese}
}

@ELECTRONIC{css_mdn,
  title = {CSS 基础 - 学习 Web 开发 | MDN},
  organization = {the Mozilla Foundation},
  howpublished = {online},
  refdate = {2022-05-13},
  url = {https://developer.mozilla.org/zh-CN/docs/Learn/Getting_started_with_the_web/CSS_basics},
  language = {Chinese}
}

@ELECTRONIC{javascript_mdn,
  title = {JavaScript 基础 - 学习 Web 开发 | MDN},
  organization = {the Mozilla Foundation},
  howpublished = {online},
  refdate = {2022-05-13},
  url = {https://developer.mozilla.org/zh-CN/docs/Learn/Getting_started_with_the_web/JavaScript_basics},
  language = {Chinese}
}

@ELECTRONIC{vuejs,
  title = {介绍 | Vue.js},
  howpublished = {online},
  refdate = {2022-05-13},
  url = {https://v3.cn.vuejs.org/guide/introduction.html#vue-js-%E6%98%AF%E4%BB%80%E4%B9%88},
  language = {Chinese}
}

@ELECTRONIC{vite,
  title = {开始 | Vite 官方中文文档},
  howpublished = {online},
  refdate = {2022-05-13},
  url = {https://cn.vitejs.dev/guide/#overview},
  language = {Chinese}
}

@ELECTRONIC{vue_router,
  title = {介绍 | Vue Router},
  howpublished = {online},
  refdate = {2022-05-13},
  url = {https://router.vuejs.org/zh/introduction.html},
  language = {Chinese}
}

@ELECTRONIC{axios,
  title = {使用 axios 访问 API — Vue.js},
  howpublished = {online},
  refdate = {2022-05-13},
  url = {https://cn.vuejs.org/v2/cookbook/using-axios-to-consume-apis.html},
  language = {Chinese}
}

@ELECTRONIC{mysql,
  title = {MySQL - 维基百科，自由的百科全书},
  organization = {Wikipedia},
  howpublished = {online},
  refdate = {2022-05-13},
  url = {https://zh.m.wikipedia.org/zh-hans/MySQL},
  language = {Chinese}
}

@ELECTRONIC{nginx,
  title = {Nginx - 维基百科，自由的百科全书},
  organization = {Wikipedia},
  howpublished = {online},
  refdate = {2022-05-13},
  url = {https://zh.m.wikipedia.org/zh-hans/Nginx},
  language = {Chinese}
}

%(8)不属于任何上述类别的资料，指导手册中无规定，使用默认设置
@misc{thulac,
  author = {Sun, Maosong and Chen, Xinxiong and Zhang, Kaixu and Guo, Zhipeng and Liu, Zhiyuan},
  title = {THULAC: An Efficient Lexical Analyzer for Chinese},
  year = {2016}
}